@inproceedings{martinelli2020human,
  title={Human-robot interface for remote control via iot communication using deep learning techniques for motion recognition},
  author={Martinelli, Dieisson and Cerbaro, Jonathan and Fabro, Jo{\~a}o Alberto and de Oliveira, Andre Schneider and Teixeira, Marco Antonio Simoes},
  booktitle={2020 Latin American Robotics Symposium (LARS), 2020 Brazilian Symposium on Robotics (SBR) and 2020 Workshop on Robotics in Education (WRE)},
  pages={1--6},
  year={2020},
  % organization={IEEE},
  publisher={IEEE},
  address = {Natal}
}

@article{zick2024teleoperation,
  title={Teleoperation system for multiple robots with intuitive hand recognition interface},
  author={Zick, Lucas Alexandre and Martinelli, Dieisson and Schneider de Oliveira, Andr{\'e} and Cremer Kalempa, Vivian},
  journal={Scientific Reports},
  volume={14},
  number={1},
  pages={1--11},
  year={2024},
  publisher={Nature Publishing Group}
}

@article{moniruzzaman2022teleoperation,
  title={Teleoperation methods and enhancement techniques for mobile robots: A comprehensive survey},
  author={Moniruzzaman, MD and Rassau, Alexander and Chai, Douglas and Islam, Syed Mohammed Shamsul},
  journal={Robotics and Autonomous Systems},
  volume={150},
  pages={103973},
  year={2022},
  publisher={Elsevier}
}

@inproceedings{franzluebbers2019remote,
  title={Remote robotic arm teleoperation through virtual reality},
  author={Franzluebbers, Anton and Johnson, Kyle},
  booktitle={Symposium on Spatial User Interaction},
  pages={1--2},
  year={2019}
}

@misc{ros,
  title   = {Robotic Operating System (ROS)},
  author  = {{Open Source Robotics Foundation}},
  year    = {2025},
  url     = {https://www.ros.org/},
  urldate = {2025-12-09},
  publisher = {\relax},
  address   = {\relax}
}

@article{opencv_library,
  author = {Bradski, G.},
  journal = {Dr. Dobb's Journal of Software Tools},
  title = {{The OpenCV Library}},
  year = {2025},
}

@misc{mediapipe,
  title = {MediaPipe: A Framework for Building Perception Pipelines},
  author = {Google},
  year = {2025},
  publisher = {\relax},
  address   = {\relax},
  howpublished = {\url{https://mediapipe.dev/}},
  urldate={2025-12-09}
}

@misc{python,
  title = {Python Programming Language},
  author = {Guido van Rossum},
  year = {2025},
  howpublished = {\url{https://www.python.org/}},
  urldate={2025-12-09}
}